@article{aig77,
   author = {Aigner, Dennis and Lovell, CAL and Schmidt, Peter},
   title = {Formulation and Estimation of Stochastic Frontier Production Function Models},
   journal = {Journal of econometrics},
   volume = {6},
   number = {1},
   pages = {21-37},
   year = {1977},
   type = {Journal Article}
}

@article{mee77,
   author = {Meeusen, W. and Vandenbroeck, J.},
   title = {Efficiency Estimation from Cobb-Douglas Production Functions with Composed Error},
   journal = {International Economic Review},
   volume = {18},
   number = {2},
   pages = {435-445},
   DOI = {10.2307/2525757},
   year = {1977},
   type = {Journal Article}
}

@article{batt77,
   author = {Battese, George E. and Corra, Greg S.},
   title = {Estimation of a Production Frontier Model: With Application to the Pastoral Zone of Eastern Australia},
   journal = {Australian Journal of Agricultural Economics},
   volume = {21},
   number = {3},
   pages = {169-179},
   DOI = {10.1111/j.1467-8489.1977.tb00204.x},
   year = {1977},
   type = {Journal Article}
}

@article{orea04,
   author = {Orea, Luis and Kumbhakar, Subal C.},
   title = {Efficiency Measurement Using a Latent Class Stochastic Frontier Model},
   journal = {Empirical Economics},
   volume = {29},
   number = {1},
   pages = {169-183},
   DOI = {10.1007/s00181-003-0184-2},
   year = {2004},
   type = {Journal Article}
}

@article{greene05,
   author = {Greene, W.},
   title = {Reconsidering Heterogeneity in Panel Data Estimators of the Stochastic Frontier Model},
   journal = {Journal of Econometrics},
   volume = {126},
   number = {2},
   pages = {269-303},
   DOI = {10.1016/j.jeconom.2004.05.003},
   year = {2005},
   type = {Journal Article}
}

@article{kum13,
   author = {Kumbhakar, S. C. and Parmeter, C. F. and Tsionas, E. G.},
   title = {A Zero Inefficiency Stochastic Frontier Model},
   journal = {Journal of Econometrics},
   volume = {172},
   number = {1},
   pages = {66-76},
   DOI = {10.1016/j.jeconom.2012.08.021},
   year = {2013},
   type = {Journal Article}
}

@article{rho15,
   author = {Rho, Seunghwa and Schmidt, Peter},
   title = {Are All Firms Inefficient?},
   journal = {Journal of Productivity Analysis},
   volume = {43},
   number = {3},
   pages = {327-349},
   DOI = {10.1007/s11123-013-0374-7},
   year = {2015},
   type = {Journal Article}
}

@techreport{wheat19,
   author = {Wheat, Phill and Stead, Alexander D and Greene, William H},
   title = {Controlling for Outliers in Efficiency Analysis: A Contaminated Normal-Half Normal Stochastic Frontier Model},
   institution = {Working Paper},
   year = {2019},
   type = {Report}
}

@article{batt04,
   author = {Battese, G. E. and Rao, D. S. P. and O'Donnell, C. J.},
   title = {A Metafrontier Production Function for Estimation of Technical Efficiencies and Technology Gaps for Firms Operating Under Different Technologies},
   journal = {Journal of Productivity Analysis},
   volume = {21},
   number = {1},
   pages = {91-103},
   DOI = {Doi 10.1023/B:Prod.0000012454.06094.29},
   year = {2004},
   type = {Journal Article}
}

@article{huang14,
   author = {Huang, C. J. and Huang, T. H. and Liu, N. H.},
   title = {A New Approach to Estimating the Metafrontier Production Function Based on a Stochastic Frontier Framework},
   journal = {Journal of Productivity Analysis},
   volume = {42},
   number = {3},
   pages = {241-254},
   DOI = {10.1007/s11123-014-0402-2},
   year = {2014},
   type = {Journal Article}
}

@article{am17,
   author = {Amsler, C. and O'Donnell, C. J. and Schmidt, P.},
   title = {Stochastic Metafrontiers},
   journal = {Econometric Reviews},
   volume = {36},
   number = {6-9},
   pages = {1007-1020},
   DOI = {10.1080/07474938.2017.1308345},
   year = {2017},
   type = {Journal Article}
}

@article{greene10,
   author = {Greene, W.},
   title = {A Stochastic Frontier Model with Correction for Sample Selection},
   journal = {Journal of Productivity Analysis},
   volume = {34},
   number = {1},
   pages = {15-24},
   DOI = {10.1007/s11123-009-0159-1},
   year = {2010},
   type = {Journal Article}
}

@article{ste80,
   author = {Stevenson, R. E.},
   title = {Likelihood Functions for Generalized Stochastic Frontier Estimation},
   journal = {Journal of Econometrics},
   volume = {13},
   number = {1},
   pages = {57-66},
   DOI = {10.1016/0304-4076(80)90042-1},
   year = {1980},
   type = {Journal Article}
}

@article{kum87,
   author = {Kumbhakar, S. C.},
   title = {The Specification of Technical and Allocative Inefficiency in Stochastic Production and Profit Frontiers},
   journal = {Journal of Econometrics},
   volume = {34},
   number = {3},
   pages = {335-348},
   DOI = {10.1016/0304-4076(87)90016-9},
   year = {1987},
   type = {Journal Article}
}

@article{oliv14,
   author = {Oliviero, R.},
   title = {A Stochastic Frontier Model Based on Rayleigh Distribution},
   journal = {Electronic Journal of Applied Statistical Analysis},
   volume = {7},
   number = {2},
   pages = {218-227},
   DOI = {10.1285/i20705948v7n2p218},
   year = {2014},
   type = {Journal Article}
}


@article{hajar15,
   author = {Hajargasht, G.},
   title = {Stochastic Frontiers With a Rayleigh Distribution},
   journal = {Journal of Productivity Analysis},
   volume = {44},
   number = {2},
   pages = {199-208},
   DOI = {10.1007/s11123-014-0417-8},
   year = {2015},
   type = {Journal Article}
}


@article{wang20,
   author = {Wang, Ke and Ye, Xin},
   title = {Development of Alternative Stochastic Frontier Models for Estimating Time-Space Prism Vertices},
   journal = {Transportation},
   DOI = {10.1007/s11116-019-10056-0},
   year = {2020},
   type = {Journal Article}
}

@article{greene03,
   author = {Greene, W. H.},
   title = {Simulated Likelihood Estimation of the Normal-Gamma Stochastic Frontier Function},
   journal = {Journal of Productivity Analysis},
   volume = {19},
   number = {2-3},
   pages = {179-190},
   DOI = {10.1023/A:1022853416499},
   year = {2003},
   type = {Journal Article}
}

@article{greene90,
   author = {Greene, W. H.},
   title = {A Gamma-Distributed Stochastic Frontier Model},
   journal = {Journal of Econometrics},
   volume = {46},
   number = {1-2},
   pages = {141-163},
   DOI = {10.1016/0304-4076(90)90052-U},
   year = {1990},
   type = {Journal Article}
}


@article{beckers87,
   author = {Beckers, D. E. and Hammond, C. J.},
   title = {A Tractable Likelihood Function for the Normal-Gamma Stochastic Frontier Model},
   journal = {Economics Letters},
   volume = {24},
   number = {1},
   pages = {33-38},
   DOI = {10.1016/0165-1765(87)90177-7},
   year = {1987},
   type = {Journal Article}
}

@article{tsionas07,
   author = {Tsionas, E. G.},
   title = {Efficiency Measurement With the Weibull Stochastic Frontier},
   journal = {Oxford Bulletin of Economics and Statistics},
   volume = {69},
   number = {5},
   pages = {693-706},
   DOI = {10.1111/j.1468-0084.2007.00475.x},
   year = {2007},
   type = {Journal Article}
}

@phdthesis{wang12,
   author = {Wang, Junyi},
   title = {A Normal Truncated Skewed-Laplace Model in Stochastic Frontier Analysis},
   school = {Western Kentucky University},
   year = {2012},
   type = {Thesis}
}

@article{papa21,
   author = {Papadopoulos, Alecos},
   title = {Stochastic Frontier Models Using the Generalized Exponential Distribution},
   journal = {Journal of Productivity Analysis},
   volume = {55},
   number = {1},
   pages = {15-29},
   DOI = {10.1007/s11123-020-00591-9},
   year = {2021},
   type = {Journal Article}
}

@article{li96,
   author = {Li, Qi},
   title = {Estimating a Stochastic Production Frontier When the Adjusted Error is Symmetric},
   journal = {Economics Letters},
   volume = {52},
   number = {3},
   pages = {221-228},
   DOI = {10.1016/S0165-1765(96)00857-9},
   year = {1996},
   type = {Journal Article}
}

@phdthesis{nguyen10,
   author = {Nguyen, Ngoc Bao},
   title = {Estimation of Technical Efficiency in Stochastic Frontier Analysis},
   school = {Bowling Green State University},
   year = {2010},
   type = {Thesis}
}

@article{lee14,
   author = {Lee, S. and Lee, Y. H.},
   title = {Stochastic Frontier Models With Threshold Efficiency},
   journal = {Journal of Productivity Analysis},
   volume = {42},
   number = {1},
   pages = {45-54},
   DOI = {10.1007/s11123-013-0364-9},
   year = {2014},
   type = {Journal Article}
}

@article{olson80,
   author = {Olson, J. A. and Schmidt, P. and Waldman, D. M.},
   title = {A Monte-Carlo Study of Estimators of Stochastic Frontier Production-Functions},
   journal = {Journal of Econometrics},
   volume = {13},
   number = {1},
   pages = {67-82},
   DOI = {10.1016/0304-4076(80)90043-3},
   year = {1980},
   type = {Journal Article}
}

@article{sw09,
   author = {Simar, Léopold and Wilson, Paul W.},
   title = {Inferences From Cross-Sectional, Stochastic Frontier Models},
   journal = {Econometric Reviews},
   volume = {29},
   number = {1},
   pages = {62-98},
   DOI = {10.1080/07474930903324523},
   year = {2009},
   type = {Journal Article}
}

@article{wald82,
   author = {Waldman, D. M.},
   title = {A Stationary Point for the Stochastic Frontier Likelihood},
   journal = {Journal of Econometrics},
   volume = {18},
   number = {2},
   pages = {275-279},
   DOI = {10.1016/0304-4076(82)90041-0},
   year = {1982},
   type = {Journal Article}
}

@article{haf16,
   author = {Hafner, Christian M. and Manner, Hans and Simar, Léopold},
   title = {The “Wrong Skewness” Problem in Stochastic Frontier Models: A New Approach},
   journal = {Econometric Reviews},
   volume = {37},
   number = {4},
   pages = {380-400},
   DOI = {10.1080/07474938.2016.1140284},
   year = {2016},
   type = {Journal Article}
}

@MISC{migon01,
    author = {Hélio S. Migon and Erika V. Medici},
    title = { Bayesian Hierarchical Models for Stochastic Production Frontier },
    year = {2001}
}

@techreport{rama12,
   author = {Ghadge, Chanchala and Ramanathan, TV},
   title = {Technical Efficiency With Inverse Gaussian and Log Normal Frontiers},
   institution = {Working paper},
   year = {2012},
   type = {Report}
}

@article{orea02,
   author = {Orea, L.},
   title = {Parametric Decomposition of a Generalized Malmquist Productivity Index},
   journal = {Journal of Productivity Analysis},
   volume = {18},
   number = {1},
   pages = {5-22},
   DOI = {Doi 10.1023/A:1015793325292},
   year = {2002},
   type = {Journal Article}
}

@inbook{kum20,
   author = {Kumbhakar, S.C. and Parmeter, Christopher F. and Zelenyuk, Valentin},
   title = {Stochastic Frontier Analysis: Foundations and Advances I},
   booktitle = {Handbook of Production Economics},
  editor = {Ray, Subhash C. and Chambers, Robert and Kumbhakar, Subal},
   publisher = {Springer Singapore},
   address = {Singapore},
   pages = {1-39},
   DOI = {10.1007/978-981-10-3450-3_9-1},
   year = {2020},
   type = {Book Section}
}


@inbook{myd20,
   author = {Mydland, \O rjan and Lien, Gudbrand},
   title = {Application of Production Economics in the Electricity Distribution Sector},
   booktitle = {Handbook of Production Economics},
   editor = {Ray, Subhash C. and Chambers, Robert G. and Kumbhakar, Subal C.},
   publisher = {Springer Singapore},
   address = {Singapore},
   pages = {1-29},
   DOI = {10.1007/978-981-10-3450-3_37-1},
   year = {2020},
   type = {Book Section}
}

@article{kang02,
   author = {Kang, Byung-Goo and Greene, Kenneth V.},
   title = {The Effects of Monitoring and Competition on Public Education Outputs: A Stochastic Frontier Approach},
   journal = {Public Finance Review},
   volume = {30},
   number = {1},
   pages = {3-26},
   DOI = {10.1177/109114210203000101},
   year = {2002},
   type = {Journal Article}
}

@inbook{mada23,
   author = {Madaleno, Mara and Moutinho, Victor},
   title = {Stochastic Frontier Analysis: A Review and Synthesis},
   booktitle = {Advanced Mathematical Methods for Economic Efficiency Analysis: Theory and Empirical Applications},
   editor = {Macedo, Pedro and Moutinho, Victor and Madaleno, Mara},
   publisher = {Springer International Publishing},
   address = {Cham},
   pages = {55-78},
   DOI = {10.1007/978-3-031-29583-6_4},
   year = {2023},
   type = {Book Section}
}

@article{li19,
   author = {Liu, X. Y. and Pollitt, M. G. and Xie, B. C. and Liu, L. Q.},
   title = {Does Environmental Heterogeneity Affect the Productive Efficiency of Grid Utilities in China?},
   journal = {Energy Economics},
   volume = {83},
   pages = {333-344},
   DOI = {10.1016/j.eneco.2019.07.001},
   year = {2019},
   type = {Journal Article}
}

@article{latruffe23,
   author = {Latruffe, Laure and Niedermayr, Andreas and Desjeux, Yann and Dakpo, K. Herve and Ayouba, Kassoum and Schaller, Lena and Kantelhardt, Jochen and Jin, Yan and Kilcline, Kevin and Ryan, Mary and O’Donoghue, Cathal},
   title = {Identifying and Assessing Intensive and Extensive Technologies in European Dairy Farming},
   journal = {European Review of Agricultural Economics},
   pages = {jbad023},
   DOI = {10.1093/erae/jbad023},
   year = {2023},
   type = {Journal Article}
}

@article{badu21,
   author = {Badunenko, Oleg and Kumbhakar, Subal C. and Lozano‐Vivas, Ana},
   title = {Achieving a Sustainable Cost-Efficient Business Model in Banking: The Case of European Commercial Banks},
   journal = {European Journal of Operational Research},
   volume = {293},
   number = {2},
   pages = {773-785},
   DOI = {10.1016/j.ejor.2020.12.039},
   year = {2021},
   type = {Journal Article}
}

@article{ji20,
   author = {Jiang, N. and Andrews, A.},
   title = {Efficiency of New Zealand's District Health Boards at Providing Hospital Services: A Stochastic Frontier Analysis},
   journal = {Journal of Productivity Analysis},
   volume = {53},
   number = {1},
   pages = {53-68},
   DOI = {10.1007/s11123-019-00550-z},
   year = {2020},
   type = {Journal Article}
}

@article{boy19,
   author = {Boyd, Gale A. and Lee, Jonathan M.},
   title = {Measuring Plant Level Energy Efficiency and Technical Change in the U.S. Metal-Based Durable Manufacturing Sector Using Stochastic Frontier Analysis},
   journal = {Energy Economics},
   volume = {81},
   pages = {159-174},
   DOI = {10.1016/j.eneco.2019.03.021},
   year = {2019},
   type = {Journal Article}
}

@article{cau93,
   author = {Caudill, S. B. and Ford, J. M.},
   title = {Biases in Frontier Estimation Due to Heteroscedasticity},
   journal = {Economics Letters},
   volume = {41},
   number = {1},
   pages = {17-20},
   DOI = {10.1016/0165-1765(93)90104-K},
   year = {1993},
   type = {Journal Article}
}

@article{cau95,
   author = {Caudill, S. B. and Ford, J. M. and Gropper, D. M.},
   title = {Frontier Estimation and Firm-Specific Inefficiency Measures in the Presence of Heteroscedasticity},
   journal = {Journal of Business \& Economic Statistics},
   volume = {13},
   number = {1},
   pages = {105-111},
   DOI = {10.2307/1392525},

   year = {1995},
   type = {Journal Article}
}

@article{had99,
   author = {Hadri, K.},
   title = {Estimation of a Doubly Heteroscedastic Stochastic Frontier Cost Function},
   journal = {Journal of Business \& Economic Statistics},
   volume = {17},
   number = {3},
   pages = {359-363},
   DOI = {Doi 10.2307/1392293},
   year = {1999},
   type = {Journal Article}
}

@article{wang02,
   author = {Wang, H. J. and Schmidt, P.},
   title = {One-Step and Two-Step Estimation of the Effects of Exogenous Variables on Technical Efficiency Levels},
   journal = {Journal of Productivity Analysis},
   volume = {18},
   number = {2},
   pages = {129-144},
   ISSN = {1573-0441},
   DOI = {10.1023/A:1016565719882},
   year = {2002},
   type = {Journal Article}
}

@article{reif91,
   author = {Reifschneider, David and Stevenson, Rodney},
   title = {Systematic Departures from the Frontier: A Framework for the Analysis of Firm Inefficiency},
   journal = {International Economic Review},
   volume = {32},
   number = {3},
   pages = {715-723},
   DOI = {10.2307/2527115},
   year = {1991},
   type = {Journal Article}
}

@book{kum14,
   author = {Kumbhakar, S.C. and Wang, H.J. and Horncastle, A.},
   title = {A Practitioner's Guide to Stochastic Frontier Analysis Using Stata},
   publisher = {Cambridge University Press},
   ISBN = {9781107029514},
   year = {2014},
   type = {Book}
}

@article{kum91,
   author = {Kumbhakar, Subal C. and Ghosh, Soumendra and McGuckin, J. Thomas},
   title = {A Generalized Production Frontier Approach for Estimating Determinants of Inefficiency in U.S. Dairy Farms},
   journal = {Journal of Business \& Economic Statistics},
   volume = {9},
   number = {3},
   pages = {279-286},
   DOI = {10.1080/07350015.1991.10509853},
   year = {1991},
   type = {Journal Article}
}

@article{hua94,
   author = {Huang, Clief J. and Liu, Jin-Tan},
   title = {Estimation of a Non-Neutral Stochastic Frontier Production Function},
   journal = {Journal of Productivity Analysis},
   volume = {5},
   number = {2},
   pages = {171-180},
   DOI = {10.1007/bf01073853},
 
   year = {1994},
   type = {Journal Article}
}

@article{wang02b,
   author = {Wang, H. J.},
   title = {Heteroscedasticity and Non-Monotonic Efficiency Effects of a Stochastic Frontier Model},
   journal = {Journal of Productivity Analysis},
   volume = {18},
   number = {3},
   pages = {241-253},
   DOI = {10.1023/A:1020638827640},
   year = {2002},
   type = {Journal Article}
}

@Article{maxlik,
    title = {maxLik: A Package for Maximum Likelihood Estimation in \proglang{R}},
    author = {Arne Henningsen and Ott Toomet},
    journal = {Computational Statistics},
    year = {2011},
    volume = {26},
    number = {3},
    pages = {443-458},
    doi = {10.1007/s00180-010-0217-1}
  }

@Manual{ucminf,
    title = {ucminf: General-Purpose Unconstrained Non-Linear Optimization},
    author = {Hans Bruun Nielsen and Stig Bousgaard Mortensen},
    year = {2023},
    note = { \proglang{R} package version 1.2.0},
    url = {https://CRAN.R-project.org/package=ucminf}
  }

@Manual{mla,
    title = {marqLevAlg: A Parallelized General-Purpose Optimization Based on
Marquardt-Levenberg Algorithm},
    author = {Viviane Philipps and Cecile Proust-Lima and Melanie Prague and Boris Hejblum and Daniel Commenges and Amadou Diakite},
    year = {2023},
    note = { \proglang{R} package version 2.0.8},
    url = {https://CRAN.R-project.org/package=marqLevAlg}
  }

@Article{trust,
    title = {{trustOptim}: An  \proglang{R} Package for Trust Region Optimization with Sparse Hessians},
    author = {Michael Braun},
    journal = {Journal of Statistical Software},
    year = {2014},
    volume = {60},
    number = {4},
    pages = {1--16},
    doi = {10.18637/jss.v060.i04}
  }

@Manual{stats,
    title = {\proglang{R}: A Language and Environment for Statistical Computing},
    author = {{\proglang{R} Core Team}},
    organization = {\proglang{R} Foundation for Statistical Computing},
    address = {Vienna, Austria},
    year = {2023},
    url = {https://www.R-project.org/},
  }

@Manual{qrng,
    title = {qrng: (Randomized) Quasi-Random Number Generators},
    author = {Marius Hofert and Christiane Lemieux},
    year = {2023},
    note = {\proglang{R} package version 0.0-9},
    url = {https://CRAN.R-project.org/package=qrng},
  }

@Manual{mnorm,
    title = {mnorm: Multivariate Normal Distribution},
    author = {Bogdan Potanin},
    year = {2023},
    note = {\proglang{R} package version 1.2.0},
    url = {https://CRAN.R-project.org/package=mnorm},
  }

@article{jon82,
   author = {Jondrow, J. and Lovell, C. A. K. and Materov, I. S. and Schmidt, P.},
   title = {On the Estimation of Technical Inefficiency in the Stochastic Frontier Production Function Model},
   journal = {Journal of Econometrics},
   volume = {19},
   number = {2-3},
   pages = {233-238},
   ISSN = {0304-4076},
   DOI = {10.1016/0304-4076(82)90004-5},
   year = {1982},
   type = {Journal Article}
}

@article{batt95,
   author = {Battese, G. E. and Coelli, T. J.},
   title = {A Model for Technical Inefficiency Effects in a Stochastic Frontier Production Function for Panel Data},
   journal = {Empirical Economics},
   volume = {20},
   number = {2},
   pages = {325-332},
   DOI = {10.1007/bf01205442},
   year = {1995},
   type = {Journal Article}
}

@Article{texreg13,
    title = {\pkg{texreg}: Conversion of Statistical Model Output in \proglang{R} to \proglang{\LaTeX} and \proglang{HTML} Tables},
    author = {Philip Leifeld},
    journal = {Journal of Statistical Software},
    year = {2013},
    volume = {55},
    number = {8},
    pages = {1--24},
    doi = {10.18637/jss.v055.i08},
  }

@article{par14,
   author = {Parmeter, Christopher F. and Kumbhakar, S.},
   title = {Efficiency Analysis: A Primer on Recent Advances},
   journal = {Foundations and Trends\textregistered in Econometrics},
   volume = {7},
   number = {3-4},
   pages = {191-385},
   ISSN = {1551-30761551-3084},
   DOI = {10.1561/0800000023},
   year = {2014},
   type = {Journal Article}
}

@Manual{frontier,
    title = {\pkg{frontier}: Stochastic Frontier Analysis},
    author = {Tim Coelli and Arne Henningsen},
    year = {2020},
    note = {\proglang{R} package version 1.1-8},
    url = {https://CRAN.R-Project.org/package=frontier},
  }

@Manual{bench,
    title = {Benchmarking with DEA and SFA},
    author = {Peter Bogetoft and Lars Otto},
    year = {2022},
    note = {\proglang{R} package version 0.31},
    url = {https://CRAN.R-Project.org/package=Benchmarking},
  }

@Manual{npsf,
    title = {\pkg{npsf}: Nonparametric and Stochastic Efficiency and Productivity Analysis},
    author = {Oleg Badunenko and Pavlo Mozharovskyi and Yaryna Kolomiytseva},
    year = {2020},
    note = {\proglang{R} package version 0.8.0},
    url = {https://CRAN.R-project.org/package=npsf},
  }

@article{colomb14,
   author = {Colombi, R. and Kumbhakar, S. C. and Martini, G. and Vittadini, G.},
   title = {Closed-Skew Normality in Stochastic Frontiers with Individual Effects and Long/Short-Run Efficiency},
   journal = {Journal of Productivity Analysis},
   volume = {42},
   number = {2},
   pages = {123-136},
   ISSN = {0895-562x},
   DOI = {10.1007/s11123-014-0386-y},
   year = {2014},
   type = {Journal Article}
}

@article{klh14,
   author = {Kumbhakar, S. C. and Lien, G. and Hardaker, J. B.},
   title = {Technical Efficiency in Competing Panel Data Models: a Study of Norwegian Grain Farming},
   journal = {Journal of Productivity Analysis},
   volume = {41},
   number = {2},
   pages = {321-337},
   ISSN = {0895-562x},
   DOI = {10.1007/s11123-012-0303-1},
   year = {2014},
   type = {Journal Article}
}

@article{tk14,
   author = {Tsionas, E. G. and Kumbhakar, S. C.},
   title = {Firm Heterogeneity, Persistent and Transient Technical Inefficiency: A Generalized True Random-Effects Model},
   journal = {Journal of Applied Econometrics},
   volume = {29},
   number = {1},
   pages = {110-132},
   ISSN = {0883-7252},
   DOI = {10.1002/jae.2300},
   year = {2014},
   type = {Journal Article}
}

@inbook{nguyen22,
   author = {Nguyen, Bao Hoang and Sickles, Robin C. and Zelenyuk, Valentin},
   title = {Efficiency Analysis with Stochastic Frontier Models Using Popular Statistical Softwares},
   booktitle = {Advances in Economic Measurement: A Volume in Honour of D. S. Prasada Rao},
   editor = {Chotikapanich, Duangkamon and Rambaldi, Alicia N. and Rohde, Nicholas},
   publisher = {Springer Nature Singapore},
   address = {Singapore},
   pages = {129-171},
   ISBN = {978-981-19-2023-3},
   DOI = {10.1007/978-981-19-2023-3_3},
   year = {2022},
   type = {Book Section}
}

@Manual{sfadv,
    title = {\pkg{sfadv}: Advanced Methods for Stochastic Frontier Analysis},
    author = {Yann Desjeux and Laure Latruffe},
    year = {2017},
    note = {\proglang{R} package version 1.0.1},
    url = {https://CRAN.R-project.org/package=sfadv/},
  }

@Manual{semsfa,
    title = {\pkg{semsfa}: Semiparametric Estimation of Stochastic Frontier Models},
    author = {Giancarlo Ferrara and Francesco Vidoli},
    year = {2018},
    note = {\proglang{R} package version 1.1},
    url = {https://CRAN.R-project.org/package=semsfa},
  }

@Manual{dsfa,
    title = {\pkg{dsfa}: Distributional Stochastic Frontier Analysis},
    author = {Rouven Schmidt},
    year = {2023},
    note = {\proglang{R} package version 2.0.2},
    url = {https://CRAN.R-project.org/package=dsfa},
  }

@Manual{ssfa,
    title = {\pkg{ssfa}: Spatial Stochastic Frontier Analysis},
    author = {Elisa Fusco and Francesco Vidoli},
    year = {2022},
    note = {\proglang{R} package version 1.2},
    url = {https://CRAN.R-project.org/package=ssfa},
  }

@techreport{si22,
   author = {Sickles, Robin C and Wang, Zhichao and Zelenyuk, Valentin},
   title = {Stochastic Frontier Analysis for Healthcare, with Illustrations in R},
   institution = {Centre for Efficiency and Productivity Analysis},
   address     = {St. Lucia, Qld. 4072 Australia} ,
   number      = {WP05/2022},
   year        = {2022},
   month       = {May}
}

@inbook{si20,
   author = {Sickles, Robin C. and Song, Wonho and Zelenyuk, Valentin},
   title = {Chapter 8 - Econometric Analysis of Productivity: Theory and Implementation in \proglang{R}},
   booktitle = {Handbook of Statistics},
   editor = {Vinod, Hrishikesh D. and Rao, C. R.},
   publisher = {Elsevier},
   volume = {42},
   pages = {267-297},
   ISBN = {0169-7161},
   DOI = {10.1016/bs.host.2018.11.007},
   year = {2020},
   type = {Book Section}
}

@article{al06,
   author = {Alvarez, Antonio and Amsler, Christine and Orea, Luis and Schmidt, Peter},
   title = {Interpreting and Testing the Scaling Property in Models where Inefficiency Depends on Firm Characteristics},
   journal = {Journal of Productivity Analysis},
   volume = {25},
   number = {3},
   pages = {201-212},
   DOI = {10.1007/s11123-006-7639-3},
   year = {2006},
   type = {Journal Article}
}

@article{batt88,
   author = {Battese, G. E. and Coelli, T. J.},
   title = {Prediction of Firm-Level Technical Efficiencies with a Generalized Frontier Production Function and Panel Data},
   journal = {Journal of Econometrics},
   volume = {38},
   number = {3},
   pages = {387-399},
   DOI = {10.1016/0304-4076(88)90053-X},
   year = {1988},
   type = {Journal Article}
}

@article{pl81,
   author = {Pitt, M. M. and Lee, L. F.},
   title = {The Measurement and Sources of Technical Inefficiency in the Indonesian Weaving Industry},
   journal = {Journal of Development Economics},
   volume = {9},
   number = {1},
   pages = {43-64},
   DOI = {10.1016/0304-3878(81)90004-3},
   year = {1981},
   type = {Journal Article}
}

@article{kum90,
   author = {Kumbhakar, S. C.},
   title = {Production Frontiers, Panel Data, and Time-Varying Technical Inefficiency},
   journal = {Journal of Econometrics},
   volume = {46},
   number = {1-2},
   pages = {201-211},
   DOI = {10.1016/0304-4076(90)90055-X},
   year = {1990},
   type = {Journal Article}
}

@article{batco92,
   author = {Battese, G. E. and Coelli, T. J.},
   title = {Frontier Production Functions, Technical Efficiency and Panel Data: With Application to Paddy Farmers in India},
   journal = {Journal of Productivity Analysis},
   volume = {3},
   number = {1-2},
   pages = {153-169},
   DOI = {10.1007/bf00158774},
   year = {1992},
   type = {Journal Article}
}

@article{cue02,
   author = {Cuesta, R. A. and Orea, L.},
   title = {Mergers and Technical Efficiency in Spanish Savings Banks: A Stochastic Distance Function Approach},
   journal = {Journal of Banking \& Finance},
   volume = {26},
   number = {12},
   pages = {2231-2247},
   DOI = {10.1016/S0378-4266(01)00184-4},
   year = {2002},
   type = {Journal Article}
}

@article{feng09,
   author = {Feng, Guohua and Serletis, Apostolos},
   title = {Efficiency and Productivity of the US Banking Industry, 1998–2005: Evidence From the Fourier Cost Function Satisfying Global Regularity Conditions},
   journal = {Journal of Applied Econometrics},
   volume = {24},
   number = {1},
   pages = {105-138},
   DOI = {10.1002/jae.1021},
   year = {2009},
   type = {Journal Article}
}


@article{cue00,
   author = {Cuesta, R. A.},
   title = {A Production Model with Firm-Specific Temporal Variation in Technical Inefficiency: With Application to Spanish Dairy Farms},
   journal = {Journal of Productivity Analysis},
   volume = {13},
   number = {2},
   pages = {139-158},
   DOI = {10.1023/A:1017297831646},
   year = {2000},
   type = {Journal Article}
}

@article{kw05,
   author = {Kumbhakar, Subal C. and Wang, Hung-Jen},
   title = {Estimation of Growth Convergence Using a Stochastic Production Frontier Approach},
   journal = {Economics Letters},
   volume = {88},
   number = {3},
   pages = {300-305},
   DOI = {10.1016/j.econlet.2005.01.023},
   year = {2005},
   type = {Journal Article}
}

@incollection{lees93,
  author = {Lee, Young Hoon and Schmidt, Peter},
   title = {A Production Frontier Model with Flexible Temporal Variation in Technical Efficiency},
  editor      = {Fried, H. O. and Lovell, C. A. K. and Schmidt, S. S.},
  booktitle   = {The measurement of productive efficiency: Techniques and application},
  publisher   = {Oxford University Press},
  address     = {New York},
  year        = {1993},
  pages       = {237-255},
  chapter     = {8},
}

@article{cau03,
   author = {Caudill, Steven B.},
   title = {Estimating a Mixture of Stochastic Frontier Regression Models Via the Em Algorithm: A Multiproduct Cost Function Application},
   journal = {Empirical Economics},
   volume = {28},
   number = {3},
   pages = {581-598},
   DOI = {10.1007/s001810200147},
   year = {2003},
   type = {Journal Article}
}

@book{kum2000,
   author = {Kumbhakar, S.C. and Lovell, C.A.K.},
   title = {Stochastic Frontier Analysis},
   publisher = {Cambridge University Press},
   ISBN = {9780521666633},
   year = {2000},
   type = {Book}
}

@article{horrace96,
   author = {Horrace, W. C. and Schmidt, P.},
   title = {Confidence Statements for Efficiency Estimates from Stochastic Frontier Models},
   journal = {Journal of Productivity Analysis},
   volume = {7},
   number = {2-3},
   pages = {257-282},
   DOI = {10.1007/Bf00157044},
   year = {1996},
   type = {Journal Article}
}


@article{sl84,
   author = {Schmidt, P. and Lin, T. F.},
   title = {Simple Tests of Alternative Specifications in Stochastic Frontier Models},
   journal = {Journal of Econometrics},
   volume = {24},
   number = {3},
   pages = {349-361},
   DOI = {10.1016/0304-4076(84)90058-7},
   year = {1984},
   type = {Journal Article}
}

@article{css90,
   author = {Cornwell, C. and Schmidt, P. and Sickles, R. C.},
   title = {Production Frontiers with Cross-Sectional and Time-Series Variation in Efficiency Levels},
   journal = {Journal of Econometrics},
   volume = {46},
   number = {1-2},
   pages = {185-200},
   DOI = {10.1016/0304-4076(90)90054-W},
   year = {1990},
   type = {Journal Article}
}

@article{kpt13,
   author = {Kumbhakar, S. C. and Parmeter, C. F. and Tsionas, E. G.},
   title = {A Zero Inefficiency Stochastic Frontier Model},
   journal = {Journal of Econometrics},
   volume = {172},
   number = {1},
   pages = {66-76},
   DOI = {10.1016/j.jeconom.2012.08.021},
   year = {2013},
   type = {Journal Article}
}











